% This file was created with JabRef 2.10.
% Encoding: UTF-8


@Article{kronbichler12,
  Title                    = {A generic interface for parallel cell-based finite element operator application},
  Author                   = {Kronbichler, Martin and Kormann, Katharina},
  Journal                  = {Computers \& Fluids},
  Year                     = {2012},
  Pages                    = {135--147},
  Volume                   = {63},

  Publisher                = {Elsevier}
}

@Article{vos10,
  Title                    = {From h to p efficiently: Implementing finite and spectral/hp element methods to achieve optimal performance for low-and high-order discretisations},
  Author                   = {Vos, Peter EJ and Sherwin, Spencer J and Kirby, Robert M},
  Journal                  = {Journal of Computational Physics},
  Year                     = {2010},
  Number                   = {13},
  Pages                    = {5161--5181},
  Volume                   = {229},

  Publisher                = {Elsevier}
}

